%% @article
%  An article from a magazine or a journal.
%  An article from a magazine or a journal.
%   - Required fields: author, title, journal, year.
%   - Optional fields: volume, number, pages, month, note.
@article{Xarticle,
		author  = "Abedon, S. T. and Hyman, P. and Thomas, C.",
		title   = "Experimental examination of bacteriophage latent-period evolution as a response to bacterial availability",
		journal = "Applied and Environmental Microbiology",
		%volume = "",
    %number = "",
		%pages  = "",
		year    = "2003",
    %month  = "",
    %note   = "",
}

@article{Xarticle_full,
		author  = "Abedon, S. T. and Hyman, P. and Thomas, C.",
		title   = "Experimental examination of bacteriophage latent-period evolution as a response to bacterial availability",
		journal = "Applied and Environmental Microbiology",
		volume = "69",
    number = "1",
		pages  = "7499--7506",
		year    = "2003",
    month  = "9",
    note   = "An awesome article",
}

%% @book 
%  A published book
%  - Required fields: author/editor, title, publisher, year.
%  - Optional fields: volume/number, series, address, edition, month, note.
@book{Xbook,
    author    = "Michel Goossens and Frank Mittelbach and Alexander Samarin",
    title     = "The LaTeX Companion",
    publisher = "Addison-Wesley",
    %volume   = "",
    %number   = "",
    %series   = "",
    %address  = "",
    %edition  = "",
    year      = "1993",
    %month    = "",
    %note     = "",
}

@book{Xbook_full,
    author    = "Michel Goossens and Frank Mittelbach and Alexander Samarin",
    title     = "The LaTeX Companion",
    publisher = "Addison-Wesley",
    volume    = "4",
    number    = "1",
    series    = "10",
    address   = "Reading, Massachusetts",
    edition   = "3",
    year      = "1993",
    month     = "8",
    note      = "An awesome book with some randomly filled fields",
}

%% @booklet 
%   A bound work without a named publisher or sponsor.
%   - Required fields: title.
%   - Optional fields: author, howpublished, address, month, year, note.
@booklet{Xbooklet,
    %author   = "",
    title     = "Booklet title",
    %howpublished   = "",
    %address  = "",
    year      = "2099",
    %month    = "",
    %note     = "",
}

@booklet{Xbooklet_full,
    author   = "Andrew Author and Ben Author and Charlie Author and Dean Author",
    title     = "Booklet title",
    howpublished   = "How it was published",
    address  = "Reading, Massachusetts",
    year      = "2099",
    month    = "4",
    note     = "an awesome booklet with some randomly filled fields",
}

%% @conference 
%   Equal to inproceedings
%   - Required fields: author, title, booktitle, year.
%   - Optional fields: editor, volume/number, series, pages, address, month, organization, publisher, note.
@conference{Xconference,
    author        = "Andrew Author and Ben Author and Charlie Author and Dean Author",
    title         = "Amazing title for a work presented in a conference",
    booktitle     = "Title of the conference book",
    %editor       = "",
    %volume       = "",
    %number       = "",
    %series       = "",
    %pages        = "",
    %address      = "",
    year          = "2099",
    %month        = "",
    %organization = "",
    %publisher    = "",
    %note         = "",
}

@conference{Xconference_full,
    author       = "Andrew Author and Ben Author and Charlie Author and Dean Author",
    title        = "Amazing title for a work presented in a conference",
    booktitle    = "Title of the conference book",
    editor       = "Angela Editor and Berta Editor and Carmen Editor and Dorothee Editor",
    volume       = "4",
    number       = "5",
    series       = "213",
    pages        = "100--107",
    address      = "Reading, Massachusetts",
    year         = "2099",
    month        = "8",
    organization = "International Association of Organizers (IAO)",
    publisher    = "International Association of People Publishing Stuff (IAPPS)",
    note         = "(to appear)",
}

%% @inbook 
%   A section of a book without its own title.
%   - Required fields: author/editor, title, chapter and/or pages, publisher, year.
%   - Optional fields: volume/number, series, type, address, edition, month, note.
@inbook{Xinbook,
	author	= "",
	editor	= "",
	title	= "",
	chapter	= "",
	pages	= "",
	publisher= "",
	%volume	= "",
	%number	= "",
	%series	= "",
	%type	= "",
	%address= "",
	%edition= "",
	year	= "",
	%month	= "",
	%note	= "",
}

%% @incollection 
%   A section of a book having its own title.
%   - Required fields: author, title, booktitle, publisher, year.
%   - Optional fields: editor, volume/number, series, type, chapter, pages, address, edition, month, note.
@incollection{Xincollection,
	author	= "",
	title	= "",
	booktitle= "",
	publisher= "",
	%editor	= "",
	%volume	= "",
	%number	= "",
	%series	= "",
	%type	= "",
	%chapter= "",
	%pages	= "",
	%address= "",
	%edition= "",
	year	= "",
	%month	= "",
	%note	= "",
}

%% @inproceedings 
%   An article in a conference proceedings.
%   - Required fields: author, title, booktitle, year.
%   - Optional fields: editor, volume/number, series, pages, address, month, organization, publisher, note.
  
@inproceedings{Xinproceedings,
	author		= "",
	title		= "",
	booktitle	= "",
	%editor		= "",
	%volume		= "",
	%number		= "",
	%series		= "",
	%pages		= "",
	%address	= "",
	%organization	= "",
	%publisher	= "",
	year		= "",
	%month		= "",
	%note		= "",
}

%% @manual 
%   Technical manual
%   - Required fields: title.
%   - Optional fields: author, organization, address, edition, month, year, note.
@manual{Xmanual,
	title		= "",
	%author		= "",
	%organization	= "",
	%address	= "",
	%edition	= "",
	year		= "",
	%month		= "",
	%note		= "",
}

%% @mastersthesis 
%   Master's thesis
%   - Required fields: author, title, school, year.
%   - Optional fields: type (eg. "diploma thesis"), address, month, note.
@mastersthesis{Xthesis,
    author    = "",
    title     = "",
    school    = "",
    %type     = "diploma thesis",
    %address  = "",
    year      = "XXXX",
    %month    = "",
    %note     = "",
}

%% @misc 
%   Template useful for other kinds of publication
%   - Required fields: none
%   - Optional fields: author, title, howpublished, month, year, note.
@misc{Xmisc,
    %author    = "",
    %title     = "",
    %howpublished = "",
    %year     = "XXXX",
    %month    = "",
    %note     = "",
}

%% @phdthesis 
%   Ph.D. thesis
%   - Required fields: author, title, year, school.
%   - Optional fields: address, month, keywords, note.
@phdthesis{Xphdthesis,
	author		= "",
	title		= "",
	school		= "",
	%address	= "",
	year		= "",
	%month		= "",
	%keywords	= "",
	%note		= "",
}

%% @proceedings 
%   The proceedings of a conference.
%   - Required fields: title, year.
%   - Optional fields: editor, volume/number, series, address, month, organization, publisher, note.
@proceedings{Xproceedings,
	title		= "",
	%editor		= "",
	%volume		= "",
	%number		= "",
	%series		= "",
	%address	= "",
	%organization	= "",
	%publisher	= "",
	year		= "",
	%month		= "",
	%note		= "",
}

%% @techreport 
%   Technical report from educational, commercial or standardization institution.
%   - Required fields: author, title, institution, year.
%   - Optional fields: type, number, address, month, note.

@techreport{Xtreport,
    author    = "",
    title     = "",
    institution = "",
    %type     = "", 
    %number   = "",
    %address  = "",
    year      = "XXXX",
    %month    = "",
    %note     = "",
}

@unpublished{Xunpublished,
	author	= "",
	title	= "",
	%year	= "",
	%month	= "",
	note	= "",
}

@online{acro_man_url,
  author = "Acro authors",
  title = "Acro",
  urldate = "2015-5-5",
  url = "http://mirror.ibcp.fr/pub/CTAN/macros/latex/contrib/acro/acro_en.pdf",
}
